<?xml version="1.0" encoding="UTF-8"?><collection xmlns="http://www.loc.gov/MARC21/slim"><record><leader>00441nam--2200133-i-4500</leader><controlfield tag="001">000023268</controlfield><controlfield tag="002">20161230</controlfield><controlfield tag="005">20161230201034</controlfield><controlfield tag="008">060222s1000------------r-----000-0-eng-d</controlfield><datafield ind1=" " ind2=" " tag="080"><subfield code="a">530.145.6(075)</subfield></datafield><datafield ind1=" " ind2=" " tag="100"><subfield code="a">Gillespie, Daniel T</subfield></datafield><datafield ind1=" " ind2=" " tag="245"><subfield code="a">A quantum mechanics primer.an elementary introduction to the formal theory of non relativistic quantum mechanics</subfield></datafield><datafield ind1=" " ind2=" " tag="260"><subfield code="a">Scranton,Penn.,International Textbook Co., 1970. Xiv+137p</subfield></datafield><datafield ind1=" " ind2=" " tag="852"><subfield code="a">39308</subfield></datafield></record></collection>